
@Book{Bellman:1957,
  author =       "Bellman, Richard",
  title =        "Dynamic Programming",
  publisher =    "Princeton University Press",
  year =         "1957",
  edition =   "1$^{st}$",
}

@Article{White:1985,
  author =       "White, Douglas J.",
  title =        "Real Applications of {M}arkov {D}ecision {P}rocesses",
  journal =      "Interfaces",
  year =         "1985",
  volume =    "15",
  number =    "6",
  pages =     "73--83",
}

@Article{White:1988,
  author =       "White, Douglas J.",
  title =        "Further Real Applications of {M}arkov {D}ecision {P}rocesses",
  journal =      "Interfaces",
  year =         "1988",
  volume =    "18",
  number =    "5",
  pages =     "55--61",
  }



@Book{Bertsekas+Tsitsiklis:1996,
  author =       "Bertsekas, Dimitri P. and Tsitsiklis, John N.",
  title =        "Neuro-Dynamic Programming",
  publisher =    "Athena Scientific",
  year =         "1996",
}

@Book{Feinberg+Schwarz:2002,
  editor =       "Feinberg, Eugene A. and Schwartz, Adam",
  title =        "Handbook of {M}arkov Decision Processes: Methods and Applications",
  publisher =    "Springer",
  year =         "2002",
}

@Book{Bertsekas:2012,
  author =       "Bertsekas, Dimitri P.",
  title =        "Dynamic Programming and Optimal Control",
  publisher =    "Athena Scientific",
  year =         "2012",
  volume =    "2",
  edition =   "4$^{th}$",
}

@Article{Chazelle+Matousek:1996,
  author =       "Chazelle, Bernard and Matousek, Jir{\'{\i}}",
  title =        "On Linear-Time Deterministic Algorithms for Optimization Problems in Fixed Dimension",
  journal =      "Journal of Algorithms",
  year =         "1996",
  volume =    "21",
  number =    "3",
  pages =     "579--597",
}

@Article{Holt+Klee:1999,
  author =       "Holt, Fred and Klee, Victor",
  title =        "A Proof of the Strict Monotone $4$-step Conjecture",
  journal =      "Contemporary Mathematics",
  year =         "1999",
  volume =    "223",
  pages =     "201--216",
}

@Article{Megiddo:1982,
  author =       "Megiddo, Nimrod",
  title =        "Is Binary Encoding Appropriate for the Problem-Language Relationship?",
  journal =      "Theoretical Computer Science",
  year =         "1982",
  volume =    "19",
  pages =     "337--341",
}


@Article{Stickney+Watson:1978,
  author =       "Stickney, Alan and Watson, Layne",
  title =        "Digraph models of {B}ard-type Algorithms for the Linear Complementarity Problem",
  journal =      "Mathematics of Operations Research",
  year =         "1978",
  volume =    "3",
  number =    "4",
  pages =     "322--333",
}

@Book{Dantzig:1963,
  author =       "Dantzig, George B.",
  title =        "Linear Programming and Extensions",
  publisher =    "Princeton University Press",
  year =         "1963",
}

@InProceedings{Fearnley:2010,
  author =       "Fearnley, John",
  title =        "Exponential Lower Bounds for Policy Iteration",
  booktitle =    "Proceedings of the Thirty-seventh International Colloquium on Automata, Languages and Programming (ICALP 2010)",
  year =         "2010",
  publisher = "Springer",
  pages =     "551--562",
}

@Article{Gartner:2002,
  author =       "G{\"{a}}rtner, Bernd",
  title =        "The Random-Facet simplex algorithm on combinatorial cubes",
  journal =      "Random Structures and Algorithms",
  year =         "2002",
  volume =    "20",
  number =    "3",
  pages =     "353--381",
}

@Misc{Gerencser+HDJ:2015,
  author =    "Gerencs{\'{e}}r, Bal{\'{a}}zs and Hollanders, Romain and Delvenne, Jean{-}Charles and Jungers, Rapha{\"{e}}l M.",
  title =     "A complexity analysis of Policy Iteration through combinatorial matrices arising from Unique Sink Orientations",
  year =      "2015",
  note =      "URL: \url{http://arxiv.org/pdf/1407.4293v2.pdf}.",
}

@PhdThesis{Hansen:2012,
  author =       "Hansen, Thomas Dueholm",
  title =        "Worst-case Analysis of Strategy Iteration and the Simplex Method",
  school =       "Department of Computer Science, Aarhus University",
  year =         "2012",
  month =     "July",
}

@Article{Hansen+MZ:2013,
  author =       "Hansen, Thomas Dueholm and Miltersen, Peter Bro and Zwick, Uri",
  title =        "Strategy Iteration Is Strongly Polynomial for 2-Player Turn-Based
               Stochastic Games with a Constant Discount Factor",
  journal =      "Journal of the {ACM}",
  year =         "2013",
  volume =    "60",
  number =    "1",
  pages =     "1--16",
}

@InProceedings{Hansen+Zwick:2010,
  author =       "Hansen, Thomas Dueholm and Zwick, Uri",
  title =        "Lower bounds for {H}oward's algorithm for finding Minimum Mean-Cost Cycles",
  year =         "2010",
  booktitle =    "Proceedings of the Twenty-second International Symposium on Algorithms and Computation (ISAAC 2011)",
  publisher = "Springer",
  pages =     "425--426",
}

@InProceedings{Hollanders+DJ:2012,
  author =       "Hollanders, Romain and Gerencs{\'{e}}r, Bal{\'{a}}zs and Delvenne, Jean{-}Charles",
  title =        "The complexity of Policy Iteration is exponential for discounted {M}arkov Decision Processes",
  booktitle =    "Proceedings of the Fifty-first {IEEE} Conference on Decision and Control (CDC 2012)",
  year =         "2012",
  publisher = "IEEE",
  pages =     "5997--6002",
}

@Misc{Hollanders+GDJ:2014,
  author =    "Hollanders, Romain and Gerencs{\'{e}}r, Bal{\'{a}}zs and Delvenne, Jean{-}Charles and Jungers, Rapha{\"{e}}l M.",
  title =     "Improved Bound on the worst case complexity of Policy Iteration",
  year =      "2014",
  note =      "URL: http://arxiv.org/pdf/1410.7583v1.pdf.",
}

Misc{Hollanders+GDJ:2014,
  author =    "Hollanders, Romain and Gerencs{\'{e}}r, Bal{\'{a}}zs and Delvenne, Jean{-}Charles and Jungers, Rapha{\"{e}}l M.",
  title =     "Improved Bound on the worst case complexity of Policy Iteration",
  year =      "2014",
  note =      "URL: \url{http://arxiv.org/pdf/1410.7583v1.pdf}.",
}

@Book{Howard:1960,
  author =       "Howard, Ronald A.",
  title =        "Dynamic programming and Markov processes",
  publisher =    "MIT Press",
  year =         "1960",
}

@Misc{Jaggi:2006,
  author =    "Jaggi, Martin",
  title =     "Linear and Quadratic Programming by Unique Sink Orientations",
  year =      "2006",
  note =      "Diploma thesis in Mathematics, ETH Z{\"{u}}rich. URL: http://www.m8j.net/data/List/Files-106/DA.pdf",
}

@Misc{Jaggi:2006,
  author =    "Jaggi, Martin",
  title =     "Linear and Quadratic Programming by Unique Sink Orientations",
  year =      "2006",
  note =      "Diploma thesis in Mathematics, ETH Z{\"{u}}rich. URL: \url{http://www.m8j.net/data/List/Files-106/DA.pdf}",
}

@InProceedings{Kalai:1992,
  author =       "Kalai, Gil",
  title =        "A Subexponential Randomized Simplex Algorithm",
  booktitle =    "Proceedings of the twenty-fourth annual {ACM} Symposium on Theory of Computing (STOC 1992)",
  year =         "1992",
  publisher = "ACM",
  pages =     "475--482",
}

@InProceedings{Kalyanakrishnan+MG:2016,
  author =       "Kalyanakrishnan, Shivaram and Misra, Neeldhara and Gopalan, Aditya",
  title =        "Randomised Procedures for Initialising and Switching Actions in Policy Iteration",
  booktitle =    "Proceedings of the Thirtieth AAAI Conference on Artificial Intelligence (AAAI 2016)",
  pages =     "3145--3151",
  year =         "2016",
  publisher = "AAAI Press",
}                   

@InProceedings{Kalyanakrishnan+MG-bspi:2016,
  author =       "Kalyanakrishnan, Shivaram and Mall, Utkarsh and Goyal, Ritish",
  title =        "Batch-Switching Policy Iteration",
  booktitle =    "Proceedings of the Twenty-fifth International Joint Conference on Artificial Intelligence (IJCAI 2016)",
  pages =     "3147--3153",
  year =         "2016",
  publisher = "AAAI Press",
}                   

InProceedings{Kalyanakrishnan+MG:2016,
  author =       "Kalyanakrishnan, Shivaram and Misra, Neeldhara and Gopalan, Aditya",
  title =        "Randomised Procedures for Initialising and Switching Actions in Policy Iteration",
  year =         "2016",
  booktitle =    "Proceedings of the Thirtieth AAAI Conference on Artificial Intelligence (AAAI 2016)",
  note = "To appear.",
}

  publisher = "",
  pages =     "401--408",

InProceedings{Kalyanakrishnan+MG-bspi:2016,
  author =       "Kalyanakrishnan, Shivaram and Mall, Utkarsh and Goyal, Ritish",
    title =        "Batch-Switching Policy Iteration",
      booktitle =    "Proceedings of the Twenty-fifth International Joint Conference on Artificial Intelligence (IJCAI 2016)",
  year =         "2016",
        note = "To appear.",
	}

@Article{Karmarkar:1984,
  author =       "Karmarkar, Narendra",
  title =        "A new polynomial-time algorithm for linear programming",
  journal =      "Combinatorica",
  year =         "1984",
  volume =    "4",
  number =    "4",
  pages =     "373--396",
}

@Article{Khachiyan:1980,
  author =       "Khachiyan, L. G.",
  title =        "Polynomial Algorithms in Linear Programming",
  journal =      "USSR Computational Mathematics and Mathematical Physics",
  year =         "1980",
  volume =    "20",
  number =    "1",
  pages =     "53--72",
}         

@InProceedings{Littman+DK:1995,
  author =       "Littman, Michael L. and Dean, Thomas L. and Kaelbling, Leslie Pack",
  title =        "On the Complexity of Solving {M}arkov Decision Problems",
  booktitle =    "Proceedings of the Eleventh Annual Conference on Uncertainty in Artificial Intelligence (UAI 1995)",
  year =         "1995",
  publisher = "Morgan Kaufmann",
  pages =     "394--402",
}

@InProceedings{Kalyanakrishnan+Gupta,
  author    = {Anchit Gupta and Shivaram Kalyanakrishnan},
  title     = {Improved Strong Worst-case Upper Bounds for MDP Planning},
  booktitle = {Proceedings of the Twenty-Sixth International Joint Conference on
               Artificial Intelligence, {IJCAI-17}},
  pages     = {1788--1794},
  year      = {2017},
  doi       = {10.24963/ijcai.2017/248},
  url       = {https://doi.org/10.24963/ijcai.2017/248},
}

@Article{Madani+TZ:2010,
  author =       "Madani, Omid and Thorup, Mikkel and Zwick, Uri",
  title =        "Discounted deterministic {M}arkov decision processes and discounted all-pairs shortest paths",
  journal =      "{ACM} Transactions on Algorithms",
  year =         "2010",
  volume =    "6",
  number =    "2",
  pages =     "33:1--33:25",
}

Article{Madani+TZ:2010,
  author =       "Madani, Omid and Thorup, Mikkel and Zwick, Uri",
  title =        "Discounted deterministic Markov decision processes and discounted all-pairs shortest paths",
  journal =      "{ACM} Transactions on Algorithms",
  year =         "2010",
  volume =    "6",
  number =    "2",
  pages =     "33:1--33:25",
}

@Article{Mahadevan:1996,
  author =       "Mahadevan, Sridhar",
  title =        "Average Reward Reinforcement Learning: Foundations, Algorithms, and Empirical Results",
  journal =      "Machine Learning",
  year =         "1996",
  volume =    "22",
  number =    "1--3",
  pages =     "159--195",
}

@InProceedings{Mansour+Singh:1999,
  author =       "Mansour, Yishay and Singh, Satinder",
  title =        "On the Complexity of Policy Iteration",
  booktitle =    "Proceedings of the Fifteenth Conference on Uncertainty in Artificial Intelligence (UAI 1999)",
  year =         "1999",
  publisher = "Morgan Kaufmann",
  pages =     "401--408",
}

@Article{Matousek+SW:1996,
  author =       "Matou\v{s}ek, Ji\v{r}{\'{\i}} and Sharir, Micha and Welzl, Emo",
  title =        "A Subexponential Bound for Linear Programming",
  journal =      "Algorithmica",
  year =         "1996",
  volume =    "16",
  number =    "4/5",
  pages =     "498--516",
}
@Article{Megiddo:1984,
  author =       "Megiddo, Nimrod",
  title =        "Linear Programming in Linear Time When the Dimension Is Fixed",
  journal =      "Journal of the {ACM}",
  year =         "1984",
  volume =    "31",
  number =    "1",
  pages =     "114--127",
}

@Article{Melekopoglou+Condon:1994,
  author =       "Melekopoglou, Mary and Condon, Anne",
  title =        "On the Complexity of the Policy Improvement Algorithm for {M}arkov Decision Processes",
  journal =      "{INFORMS} Journal on Computing",
  year =         "1994",
  volume =    "6",
  number =    "2",
  pages =     "188--192",
}

@InProceedings{Post+Ye:2013,
  author =       "Post, Ian and Ye, Yinyu",
  title =        "The simplex method is strongly polynomial for deterministic {M}arkov decision processes",
  booktitle =    "Proceedings of the Twenty-Fourth Annual {ACM-SIAM} Symposium on Discrete
               Algorithms (SODA 2013)",
  year =         "2013",
  publisher = "Morgan Kaufmann",
  pages =     "1465--1473",
}

@Book{Puterman:1994,
  author =       "Puterman, Martin L.",
  title =        "Markov Decision Processes",
  publisher =    "Wiley",
  year =         "1994",
}


@Misc{Rust:2007,
  author =       "R{\"{u}}st, Leonard Yves",
  title =        "The {$P$-Matrix Complementarity Problem}: Generalizations and Specializations",
  year =         "2007",
  note =      "Dissertation for the degree of Doctor of Sciences, Swiss Federal Institute of Technology. URL: https://www.inf.ethz.ch/personal/emo/DoctThesisFiles/\\ruest07.pdf.",
}

@Misc{Rust:2007,
  author =       "R{\"{u}}st, Leonard Yves",
  title =        "The {$P$-Matrix Complementarity Problem}: Generalizations and Specializations",
  year =         "2007",
  note =      "Dissertation for the degree of Doctor of Sciences, Swiss Federal Institute of Technology. URL: \url{https://www.inf.ethz.ch/personal/emo/DoctThesisFiles/ruest07.pdf}.",
}

@PhdThesis{Scheder:2011,
  author =       "Scheder, Dominik Alban",
  title =        "Algorithms and Extremal Properties of {SAT} and {CSP}",
  school =       "Swiss Federal Institute of Technology Zurich",
  year =         "2011",
  note =      "URL: http://basics.sjtu.edu.cn/~dominik/publications/\\Dissertation-Dominik-Scheder.pdf.",
}
@PhdThesis{Scheder:2011,
  author =       "Scheder, Dominik Alban",
  title =        "Algorithms and Extremal Properties of {SAT} and {CSP}",
  school =       "Swiss Federal Institute of Technology Zurich",
  year =         "2011",
  note =      "URL: \url{http://basics.sjtu.edu.cn/~dominik/publications/Dissertation-Dominik-Scheder.pdf}.",
}
@InProceedings{Scherrer:2013,
  author =       "Scherrer, Bruno",
  title =        "Improved and Generalized Upper Bounds on the Complexity of Policy Iteration",
  booktitle =    "Advances in Neural Information Processing Systems 26 (NIPS 2013)",
  year =         "2013",
  publisher = "Curran Associates",
  pages =     "386--394",
}

@Book{Sutton+Barto:1998,
  author =       "Sutton, Richard S. and Barto, Andrew G.",
  title =        "Reinforcement Learning: An Introduction",
  publisher =    "MIT Press",
  year =         "1998",
}

@InProceedings{Szabo+Welzl:2001,
  author =       "Szab{\'{o}}, Tibor and Welzl, Emo",
  title =        "Unique Sink Orientations of Cubes",
  booktitle =    "Proceedings of the Forty-second Annual Symposium on Foundations of Computer Science (FOCS 2001)",
  publisher = "IEEE",
  pages =     "547--555",
  year =         "2001",
}

@Book{Szepesvari:2010,
  author =       "Szepesv{\'a}ri, Csaba",
  title =        "Algorithms for Reinforcement Learning",
  publisher =    "Morgan \& Claypool",
  year =         "2010",
}
%%% ====================================================================
%%%  BibTeX-file{
%%%     author          = "BibNet",
%%%     version         = "1.01",
%%%     date            = "06 April 1995",
%%%     time            = "10:40:31 MST",
%%%     filename        = "template.bib",
%%%     address         = "Center for Scientific Computing
%%%                        Department of Mathematics
%%%                        University of Utah
%%%                        Salt Lake City, UT 84112
%%%                        USA
%%%                            and
%%%                        Utah Supercomputing Institute
%%%                        University of Utah
%%%                        Salt Lake City, UT 84112
%%%                        USA",
%%%     telephone       = "+1 801 581 5254",
%%%     FAX             = "+1 801 581 4148",
%%%     checksum        = "50833 419 1409 11712",
%%%     email           = "bibnet at math.utah.edu (Internet)",
%%%     codetable       = "ISO/ASCII",
%%%     keywords        = "BibTeX, template",
%%%     supported       = "yes",
%%%     docstring       = "This file contains empty sample BibTeX entry
%%%                        templates, and one filled-in example of each.
%%%
%%%                        The checksum field above contains a CRC-16
%%%                        checksum as the first value, followed by the
%%%                        equivalent of the standard UNIX wc (word
%%%                        count) utility output of lines, words, and
%%%                        characters.  This is produced by Robert
%%%                        Solovay's checksum utility.",
%%%  }
%%% ====================================================================

@Article{,
  author =       "",
  title =        "",
  journal =      "",
  year =         "",
  OPTvolume =    "",
  OPTnumber =    "",
  OPTpages =     "",
  OPTmonth =     "",
  OPTnote =      "",
  bibdate =      "Thu Feb 10 16:53:42 1994",
}

@Booklet{,
  title =        "",
  OPTauthor =    "",
  OPThowpublished = "",
  OPTaddress =   "",
  OPTmonth =     "",
  OPTyear =      "",
  OPTnote =      "",
  bibdate =      "Thu Feb 10 16:53:33 1994",
}

@Book{,
  author =       "",
  title =        "",
  publisher =    "",
  year =         "",
  ISBN =         "",
  LCCN =         "",
  OPTeditor =    "",
  OPTvolume =    "",
  OPTnumber =    "",
  OPTseries =    "",
  OPTaddress =   "",
  OPTedition =   "",
  OPTmonth =     "",
  OPTnote =      "",
  OPTpages =     "",
  OPTprice =     "",
  OPTacknowledgement = "",
  bibdate =      "Thu Feb 10 16:53:36 1994",
}

@InBook{,
  author =       "",
  title =        "",
  chapter =      "",
  publisher =    "",
  year =         "",
  ISBN =         "",
  LCCN =         "",
  OPTeditor =    "",
  OPTvolume =    "",
  OPTnumber =    "",
  OPTseries =    "",
  OPTaddress =   "",
  OPTedition =   "",
  OPTmonth =     "",
  OPTtype =      "",
  OPTnote =      "",
  OPTpages =     "",
  OPTprice =     "",
  OPTacknowledgement = "",
  bibdate =      "Thu Feb 10 16:52:57 1994",
}

@InCollection{,
  author =       "",
  title =        "",
  booktitle =    "",
  publisher =    "",
  year =         "",
  ISBN =         "",
  LCCN =         "",
  OPTeditor =    "",
  OPTvolume =    "",
  OPTnumber =    "",
  OPTseries =    "",
  OPTtype =      "",
  OPTchapter =   "",
  OPTaddress =   "",
  OPTedition =   "",
  OPTmonth =     "",
  OPTnote =      "",
  OPTpages =     "",
  OPTprice =     "",
  OPTacknowledgement = "",
  bibdate =      "Thu Feb 10 16:52:36 1994",
}

@InProceedings{,
  author =       "",
  title =        "",
  booktitle =    "",
  year =         "",
  ISBN =         "",
  ISBN =         "",
  OPTeditor =    "",
  OPTvolume =    "",
  OPTnumber =    "",
  OPTseries =    "",
  OPTorganization = "",
  OPTpublisher = "",
  OPTaddress =   "",
  OPTmonth =     "",
  OPTnote =      "",
  OPTpages =     "",
  OPTprice =     "",
  bibdate =      "Thu Feb 10 16:53:46 1994",
}

@Manual{,
  title =        "",
  OPTauthor =    "",
  OPTorganization = "",
  OPTaddress =   "",
  OPTedition =   "",
  OPTyear =      "",
  OPTmonth =     "",
  OPTnote =      "",
  bibdate =      "Thu Feb 10 16:53:17 1994",
}

@MastersThesis{,
  author =       "",
  title =        "",
  school =       "",
  year =         "",
  OPTaddress =   "",
  OPTmonth =     "",
  OPTnote =      "",
  OPTtype =      "",
  bibdate =      "Thu Feb 10 16:53:30 1994",
}

@Misc{,
  OPTauthor =    "",
  OPTtitle =     "",
  OPThowpublished = "",
  OPTyear =      "",
  OPTmonth =     "",
  OPTnote =      "",
  bibdate =      "Thu Feb 10 16:52:31 1994",
}

@Periodical{,
  key =          "",
  title =        "",
  OPTeditor =    "",
  OPTorganization = "",
  OPTvolume =    "",
  OPTnumber =    "",
  OPTpages =     "",
  OPTmonth =     "",
  OPTyear =      "",
  OPTISSN =      "",
  OPTpublisher = "",
  OPTaddress =   "",
  OPThowpublished = "",
  OPTnote =      "",
  OPTkeywords =  "",
  bibdate =      "Thu Feb 10 16:52:20 1994",
}

@PhdThesis{,
  author =       "",
  title =        "",
  school =       "",
  year =         "",
  OPTaddress =   "",
  OPTmonth =     "",
  OPTtype =      "",
  OPTnote =      "",
  bibdate =      "Thu Feb 10 16:53:28 1994",
}

@Proceedings{,
  title =        "",
  year =         "",
  ISBN =         "",
  OPTeditor =    "",
  OPTvolume =    "",
  OPTnumber =    "",
  OPTseries =    "",
  OPTpublisher = "",
  OPTorganization = "",
  OPTaddress =   "",
  OPTmonth =     "",
  OPTnote =      "",
  OPTpages =     "",
  OPTacknowledgement = "",
  bibdate =      "Thu Feb 10 16:53:13 1994",
}

@TechReport{,
  author =       "",
  title =        "",
  institution =  "",
  year =         "",
  OPTtype =      "",
  OPTnumber =    "",
  OPTaddress =   "",
  OPTmonth =     "",
  OPTnote =      "",
  bibdate =      "Thu Feb 10 16:53:24 1994",
}

@Unpublished{,
  author =       "",
  title =        "",
  note =         "",
  OPTyear =      "",
  OPTmonth =     "",
  bibdate =      "Thu Feb 10 16:52:27 1994",
}

%%======================================================================
@String{inst-mit        = "Massachusetts Institute of Technology"}

@String{j-SPE           = "Soft{\-}ware\emdash Prac{\-}tice and Experience"}

@String{pub-ADOBE       = "{Adobe Systems Incorporated}"}
@String{pub-ADOBE:adr   = "1585 Charleston Road, P.~O. Box 7900, Mountain
                           View, CA 94039-7900, USA, Tel: (415) 961-4400"}
@String{pub-CUP         = "Cambridge University Press"}
@String{pub-CUP:adr     = "New York"}
@String{pub-CURSCI        = "Current Science"}
@String{pub-CURSCI:adr    = "34--42 Cleveland Street, London, UK"}

@String{pub-PH          = "Pren{\-}tice-Hall"}
@String{pub-PH:adr      = "Englewood Cliffs, NJ 07632, USA"}

@Article{Chen:1988:IPP,
  author =       "Pehong Chen and Michael A. Harrison",
  title =        "Index Preparation and Processing",
  journal =      j-SPE,
  year =         "1988",
  volume =       "19",
  number =       "9",
  pages =        "897--915",
  month =        sep,
  note =         "The {\LaTeX} text of this paper is included in the
                 {\tt makeindex} software distribution.",
}

@Book{Kahaner:1989:NMS,
  author =       "David Kahaner and Cleve Moler and Stephen Nash",
  title =        "Numerical Methods and Software",
  publisher =    pub-PH,
  address =      pub-PH:adr,
  year =         "1989",
  ISBN =         "0-13-627258-4",
  LCCN =         "TA345 .K341 1989",
  pages =        "xii + 495",
  bibdate =      "Wed Dec 15 10:35:43 1993",
}

@InBook{Fletcher:1987:PMO,
  author =       "R. Fletcher",
  title =        "Practical Methods of Optimization",
  chapter =      "8.7~: {P}olynomial time algorithms",
  pages =        "183--188",
  publisher =    "John Wiley~\&~Sons",
  address =      "New York",
  edition =      "second",
  year =         "1987",
}

@InCollection{Johnson:1987:LDT,
  author =       "Steven C. Johnson and Michael E. Lesk",
  title =        "Language Development Tools",
  booktitle =    "{UNIX} System Readings and Applications",
  publisher =    pub-PH,
  address =      pub-PH:adr,
  year =         "1987",
  pages =        "245--265",
  note =         "Reprinted from {T}he {B}ell {S}ystem {T}echnical
                 {J}ournal, 1978",
}

@InProceedings{Gray:1988:GLA,
  author =       "Robert W. Gray",
  title =        "$\gamma$-{GLA}\emdash A Generator for Lexical
                 Analyzers that Programmers Can Use",
  booktitle =    "Summer USENIX '88",
  year =         "1988",
  pages =        "147--160",
  month =        jun # " 20--24",
}

@Manual{Adobe:1990:ATF,
  author =       pub-ADOBE,
  title =        "Adobe Type 1 Font Format",
  organization = pub-ADOBE,
  address =      pub-ADOBE:adr,
  year =         "1990",
  month =        mar,
  partnumber =   "LPS0064",
}

@Mastersthesis{Adams:1986:DFL,
  title =        "A Dialogue of Forms: Letters and Digital Font Design",
  author =       "Debra Anne Adams",
  year =         "1986",
  month =        sep,
  school =       inst-mit,
  address =      "MIT Microreproduction Lab, 77 Massachusetts Avenue,
                 room 014-0551, Cambridge, MA 02139. \$46.35",
  comments =     "Deriving other characters from the control characters
                 in a typeface. Her work continues at Xerox.",
}

@Misc{Abraxas:1987:P,
  author =       "{Abraxas Software, Inc.}",
  title =        "{PCYACC} 2.0",
  note =         "7033 SW Macadam Ave., Portland, OR 97219.",
  year =         "1987",
}

@Periodical{CurSci:1987:A,
  key =          "C01AIDS",
  title =        "{AIDS}",
  year =         "1987--date{}",
  publisher =    pub-CURSCI,
  address =      pub-CURSCI:adr,
  acknowledgement = ack-ga-gt,
  note =         "Current Science publishes more than 80 medical
                 periodicals using an in-house markup language for
                 which {\TeX} is the back-end typesetting system. All
                 submitted articles (whether on paper or on magnetic
                 media) are rekeyed by clerical staff into the markup
                 system.",
}

@Phdthesis{Naiman:1991:UGI,
  author =       "Avi Naiman",
  title =        "The Use of Grayscale for Improved Character
                 Presentation",
  school =       "University of Toronto",
  year =         "1991",
  address =      "ATTN: Technical Reports,
                  Computer Systems Research Institute,
                  University of Toronto,
                  6 King's College Road,
                  Toronto, Ontario M5S 1A1,
                  CANADA,
                  Tel: (416) 978-8751.
                  The cost is CDN\$16 if inside Canada, US\$16 if outside.
                  Avi's e-mail address is \path|avi@cvs.rochester.edu|.",
  note =          "Technical report CSRI-253",
  acknowledgement = ack-kb,
}

@Proceedings{Andre:1989:RID,
  title =        "Raster Imaging and Digital Topography",
  year =         "1989",
  editor =       "Jacques Andr{\'e} and Roger Hersch",
  publisher =    pub-CUP,
  ISBN =         "0-521-37490-1",
}

@TechReport{Chen:1987:AIP,
  author =       "Pehong Chen and Michael A. Harrison",
  title =        "Automating Index Preparation",
  institution =  "Computer Science Division, University of California",
  year =         "1987",
  type =         "Technical Report",
  number =       "87/347",
  address =      "Berkeley, CA, USA",
  month =        mar,
  note =         "This is an expanded version of
                 \cite{Chen:SPE-19-9-897}.",
}

@Unpublished{English:1987:UMO,
  title =        "Using {METAFONT} for Original Font Design",
  author =       "Paul M. English",
  month =        aug,
  year =         "1987",
  institution =  "University of Massachusetts at Boston",
}

@Article{Ye:2011,
  author =       "Ye, Yinyu",
  title =        "The Simplex and Policy-Iteration Methods Are Strongly Polynomial for the {M}arkov Decision Problem with a Fixed Discount Rate",
  journal =      "Mathematics of Operations Research",
  year =         "2011",
  volume =    "36",
  number =    "4",
  pages =     "593--603",
}

@InProceedings{Schurr+Szabo:2005,
author="Schurr, Ingo and Szab{\'o}, Tibor",
editor="J{\"u}nger, Michael and Kaibel, Volker",
title="Jumping Doesn't Help in Abstract Cubes",
booktitle="Integer Programming and Combinatorial Optimization",
year="2005",
publisher="Springer Berlin Heidelberg",
address="Berlin, Heidelberg",
pages="225--235",
}


